% Bibliography
@inproceedings{adist,
author={D. Kifer and S. Ben-David and J. Gehrke},
title = {Detecting change in data streams},
booktitle={In Proc. VLDB},
year=2004,
}
@inproceedings{adist-comp,
author={S. Ben-David and J. Blitzer and K. Crammer and F. Pereira},
title = {Analysis of Representations for Domain Adaptation},
booktitle={In Proc. NIPS},
year=2006,
}

@article{Shalev-Shwartz2012,
 author = {Shalev-Shwartz, S.},
 title = {Online Learning and Online Convex Optimization},
 journal = {Found. Trends Mach. Learn.},
 year = {2012},
} 
@article{felzenszwalb-pami10,
 author = {Felzenszwalb, P. and Girshick, R. and McAllester, D. and Ramanan, D.},
 title = {Object Detection with Discriminatively Trained Part-Based Models},
 journal = {IEEE Trans. PAMI},
 year = {2010},
} 


@article{Siagian_Itti07pami,
  title = {Rapid Biologically-Inspired Scene Classification Using Features Shared with Visual Attention},
  author = {C. Siagian and L. Itti},
  journal = {IEEE Tran. PAMI},
  year = {2007},
}


@INPROCEEDINGS{backsubreview, 
author={Benezeth, Y. and Jodoin, P.-M. and Emile, B. and Laurent, H. and Rosenberger, C.}, 
booktitle={Proc. ICPR}, 
title={Review and evaluation of commonly-implemented background subtraction algorithms}, 
year={2008}, 
}

%	 Domain Adaptation References				%

@INPROCEEDINGS{onlineSpeakerAdapt,
author={Giuliani, D. and Gretter, R. and Brugnara, F.}, 
booktitle={Proc. ICASSP}, 
title={On-line speaker adaptation on telephony speech data with adaptively trained acoustic models}, 
year={2009},}

@INPROCEEDINGS{imkl-davis, 
author={Kembhavi, A. and Siddiquie, B. and Miezianko, Roland and McCloskey, Scott and Davis, L.S.}, 
booktitle={Proc. ICCV}, 
title={Incremental Multiple Kernel Learning for object recognition}, 
year={2009}, 
}


@inproceedings{yang-icdm07,
author="J. Yang and R. Yan and A. Hauptmann",
title="Adapting {SVM} classifiers to data with shifted distributions",
booktitle="ICDM Workshops",
year="2007"
}

@INPROCEEDINGS{saenko-eccv10,
  author = {K. Saenko and B. Kulis and M. Fritz and T. Darrell},
  title = {Adapting Visual Category Models to New Domains},
  booktitle = {Proc. ECCV},
  year = {2010},
}



@INPROCEEDINGS{kulis-cvpr11,
  author = {B. Kulis and K. Saenko and T. Darrell},
  title = {What You Saw is Not What You Get: Domain Adaptation Using Asymmetric
	Kernel Transforms},
  booktitle = {Proc. CVPR},
  year = {2011},
}

@inproceedings{efros-cvpr11,
  author = "A. Torralba and A. Efros",
  title = "Unbiased Look at Dataset Bias",
  booktitle="Proc. CVPR",
  year = "2011"
}

@inproceedings{Khosla-eccv12,
 author = {Khosla, A. and Zhou, T. and Malisiewicz, T. and Efros, A. and Torralba, A.},
 title = {Undoing the damage of dataset bias},
 booktitle = {Proc. ECCV},
 year = {2012},
} 


@inproceedings{gopalan-iccv11,
author = "R. Gopalan and R. Li and R. Chellappa",
title = "Domain Adaptation for Object Recognition: An Unsupervised Approach",
booktitle="Proc. ICCV",
year = "2011",
}

@InProceedings{aytar-iccv11,
  author       = "Y. Aytar and A. Zisserman",
  title        = "Tabula Rasa: Model Transfer for Object Category Detection ",
  booktitle    = "Proc. ICCV",
  year         = "2011",
}

@inproceedings{gong-cvpr12,
author = {B. Gong and Y. Shi and F. Sha and K. Grauman},
title = {Geodesic Flow Kernel for Unsupervised Domain Adaptation},
booktitle = {Proc. CVPR},
year = {2012},
}

@inproceedings{hoffman-eccv12,
author={J. Hoffman and B. Kulis and T. Darrell and K. Saenko},
title={Discovering Latent Domains for Multisource Domain Adaptation},
booktitle={Proc. ECCV},
year={2012},
}

@inproceedings{duan-icml12,
author="L. Duan and D. Xu and Ivor W. Tsang",
title="Learning with Augmented Features for Heterogeneous Domain Adaptation",
booktitle="Proc. ICML",
year = 2012
}


@inproceedings{hoffman-iclr13,
  author = {J. Hoffman and E. Rodner and J. Donahue and K. Saenko and T. Darrell},
  title = {Efficient Learning of Domain-invariant Image Representations},
  booktitle = {Proc. ICLR},
  year = {2013},
}

%			Online DA
@INPROCEEDINGS{jain-cvpr11, 
  author={Jain, V. and Learned-Miller, E.}, 
  booktitle={Proc. CVPR},
  title={Online domain adaptation of a pre-trained cascade of classifiers}, 
  year={2011},
}

@inproceedings{Dredze-emnlp08,
 author = {Dredze, M. and Crammer, K.},
 title = {Online methods for multi-domain learning and adaptation},
 booktitle = {Proc. EMNLP},
 year = {2008},
}

% 				dynamics
@article{kalman-asme60,
    Author = {Kalman, R},
    Title = {A New Approach to Linear Filtering and Prediction Problems},
    Journal = {Transactions of the ASME--Journal of Basic Engineering},
    Year = {1960}
}

@INPROCEEDINGS{Petitiean-igarss11, 
author={Petitjean, F. and Inglada, J. and Gancarski, P.}, 
booktitle={Geoscience and Remote Sensing Symposium (IGARSS), 2011 IEEE International}, title={Temporal domain adaptation under time warping}, 
year={2011}, 
pages={3578-3581}, 
ISSN={2153-6996},}


@INPROCEEDINGS{li-icia10, 
author={X. Li and K. Wang and W. Wang and Y. Li}, 
booktitle={Proc. ICIA},
title={A multiple object tracking method using Kalman filter}, 
year={2010}, 
}

@inproceedings{ross-eccv04,
title={Adaptive Probabilistic Visual Tracking with Incremental Subspace Update},
author={D. Ross and J. Lim and M.H. Yang},
booktitle={Proc. ECCV},
year={2004},
}

@inproceedings{fernando-iccv13,
title={Unsupervised Visual Domain Adaptation Using Subspace Alignment},
author={B. Fernando and A. Habrard and M. Sebban and T. Tuytelaars},
booktitle={Proc. ICCV},
year=2013,
}

@ARTICLE{deeplearning-arxiv-2013,
   author = {{Donahue}, J. and {Jia}, Y. and {Vinyals}, O. and {Hoffman}, J. and 
	{Zhang}, N. and {Tzeng}, E. and {Darrell}, T.},
    title = "{DeCAF: A Deep Convolutional Activation Feature for Generic Visual Recognition}",
  journal = {arXiv e-prints},
archivePrefix = "arXiv",
   eprint = {1310.1531},
     year = 2013,
}

@ARTICLE{zeiler-arxiv-2013,
   author = {{Zeiler}, M. and {Fergus}, R.},
    title = "{Visualizing and Understanding Convolutional Networks}",
  journal = {ArXiv e-prints},
archivePrefix = "arXiv",
   eprint = {1311.2901},
     year = 2013,
}

@ARTICLE{skl, 
author={Levey, A. and Lindenbaum, gM.}, 
journal={IEEE Trans. Image Processing}, 
title={Sequential Karhunen-Loeve basis extraction and its application to images}, 
year={2000}, }

@INPROCEEDINGS{geodesic-opt, 
author={Rentmeesters, Q. and Absil, P-A and Van Dooren, P. and Gallivan, K. and Srivastava, A.}, 
booktitle={Proc. ICASSP}, 
title={An efficient particle filtering technique on the Grassmann manifold}, 
year={2010}, 
}

@inproceedings{sift-spm,
title={Beyond Bags of Features: Spatial Pyramid Matching for Recognizing Natural Scene Categories},
author="S. Lazebnik and C. Schmid and J. Ponce",
booktitle={Proc. CVPR},
year={2006},
}

@INPROCEEDINGS{ref:background_subtract, 
author={Stauffer, C. and Grimson, W. E L}, 
booktitle={Proc. CVPR}, 
title={Adaptive background mixture models for real-time tracking}, 
year={1999}, 
}

@inproceedings{ref:lee-iccv13,
title={Style-aware Mid-level Representation for Discovering Visual Connections in Space and Time},
author={Y. J. Lee and A. Efros and M. Hebert},
year={2013},
booktitle={Proc. ICCV},
}

@article{lecun89,
author={Y. LeCun and B. Boser and J. Denker and D. Henderson and R. Howard and W. Hubbard and L. Jackel},
title={Backpropagation Applied to Handwritten Zip Code Recognition},
journal={Neural Computation},
year={1989},
}

@ARTICLE{rcnn,
author={R. Girshick and J. Donahue and T. Darrell and J. Malik},
title={Rich feature hierarchies for accurate object detection and semantic segmentation},
journal={arXiv e-prints},
archivePrefix = "arXiv",
eprint={1311.2524},
year={2013},
}

@ARTICLE{ilsvrc2012,
  author = {A. Berg and J. Deng and L. Fei-Fei},
  title = {Image{N}et {L}arge {S}cale {V}isual {R}ecognition {C}hallenge 2012},
  year = {2012},
  url = {http://www.image-net.org/challenges/LSVRC/2012/},
}

@INPROCEEDINGS{supervision,
  author = {A. Krizhevsky and I. Sutskever and G. E. Hinton},
  title = {Image{N}et Classification with Deep Convolutional Neural Networks},
  booktitle = {Proc. NIPS},
  year = {2012},
}

@INPROCEEDINGS{daume,
	AUTHOR       = "H. {Daum{\'e}~III}",
	TITLE        = "Frustratingly easy domain adaptation",
	BOOKTITLE    = "ACL",
	YEAR         = "2007"
}

@inproceedings{sa,
author = {B. Fernando and A. Habrard and M. Sebban and T. Tuytelaars},
title = {Unsupervised Visual Domain Adaptation Using Subspace Alignment},
booktitle = {Proc. ICCV},
year= {2013},
}

@inproceedings{ref:dlid,
author={S. Chopra and S. Balakrishnan and R. Gopalan},
title={{DLID}: Deep Learning for Domain Adaptation by Interpolating between Domains},
booktitle="ICML Workshop on Challenges in Representation Learning",
year={2013},
}

@article{rodner-arxiv13,
  author    = {Erik Rodner and
               Judy Hoffman and
               Jeff Donahue and
               Trevor Darrell and
               Kate Saenko},
  title     = {Towards Adapting ImageNet to Reality: Scalable Domain Adaptation
               with Implicit Low-rank Transformations},
  journal   = {CoRR},
  volume    = {abs/1308.4200},
  year      = {2013},
  ee        = {http://arxiv.org/abs/1308.4200},
  bibsource = {DBLP, http://dblp.uni-trier.de}
}

@INPROCEEDINGS{coates-nips12,
  author = {A. Coates and A. Karpathy and A. Ng},
  title = {Emergence of Object-Selective Features in Unsupervised Feature Learning},
  booktitle = {Proc. NIPS},
  year = {2012},
}

@INPROCEEDINGS{dean-nips12,
  author = {J. Dean and G. Corrado and R. Monga and K. Chen and M. Devin and Q. Le and M. Mao and M. Ranzato and A. Senior and P. Tucker and K. Yang and A. Ng},
  title = {Large Scale Distributed Deep Networks},
  booktitle = {Proc. NIPS},
  year = {2012},
}

@article{ben2007analysis, title={Analysis of representations for domain adaptation}, author={Ben-David, Shai and Blitzer, John and Crammer, Koby and Pereira, Fernando and others}, journal={Proc. NIPS}, year={2007}}
this is another one, it gives bounds for convex combinations of source and training classifiers
   
@inproceedings{blitzer2007learning, title={Learning bounds for domain adaptation}, author={Blitzer, John and Crammer, Koby and Kulesza, Alex and Pereira, Fernando and Wortman, Jennifer}, booktitle={Proc. NIPS}, year={2007} }
